<?xml version="1.0" encoding="UTF-8"?><collection xmlns="http://www.loc.gov/MARC21/slim"><record><leader>00530nam--2200193-u-4500</leader><controlfield tag="001">000053464</controlfield><controlfield tag="002">20161230</controlfield><controlfield tag="005">20161230201051</controlfield><controlfield tag="008">110406s1000------------r-----000-0-eng-d</controlfield><datafield ind1=" " ind2=" " tag="020"><subfield code="a">97302497</subfield></datafield><datafield ind1=" " ind2=" " tag="040"><subfield code="a">IFIN-HH</subfield></datafield><datafield ind1=" " ind2=" " tag="080"><subfield code="a">543.3:614.7</subfield></datafield><datafield ind1="1" ind2=" " tag="100"><subfield code="a">Manescu, Sergiu</subfield></datafield><datafield ind1="1" ind2="0" tag="245"><subfield code="a">Chimia sanitara a mediului</subfield><subfield code="c">Sergiu manescu; manole cucu; mona ligia diaconescu</subfield></datafield><datafield ind1=" " ind2=" " tag="260"><subfield code="a">Bucuresti</subfield><subfield code="b">Editura Medicala</subfield><subfield code="c">1994</subfield></datafield><datafield ind1=" " ind2=" " tag="300"><subfield code="a">355P</subfield></datafield><datafield ind1="1" ind2=" " tag="700"><subfield code="a">Diaconescu, Mona Ligia</subfield></datafield><datafield ind1=" " ind2=" " tag="852"><subfield code="a">81286</subfield><subfield code="c">543.5</subfield></datafield><datafield ind1=" " ind2=" " tag="CAT"><subfield code="a">Sys</subfield><subfield code="c">20110406</subfield><subfield code="h">131811</subfield></datafield></record></collection>